%! Author = saili
%! Date = 2019/8/23/0023

